[gd_scene load_steps=18 format=2]

[ext_resource path="res://Player.gd" type="Script" id=1]
[ext_resource path="res://png/tankBody_blue_outline.png" type="Texture" id=2]
[ext_resource path="res://png/emotes/Vector/Style 3/emote_laugh.png" type="Texture" id=3]
[ext_resource path="res://png/emotes/Vector/Style 3/emote_exclamation.png" type="Texture" id=4]
[ext_resource path="res://png/emotes/Vector/Style 3/emote_heart.png" type="Texture" id=5]
[ext_resource path="res://png/emotes/Vector/Style 3/emote_faceHappy.png" type="Texture" id=6]
[ext_resource path="res://png/emotes/Vector/Style 3/emote_cash.png" type="Texture" id=7]
[ext_resource path="res://png/emotes/Vector/Style 3/emote_faceSad.png" type="Texture" id=8]
[ext_resource path="res://png/emotes/Vector/Style 3/emote_idea.png" type="Texture" id=9]
[ext_resource path="res://png/emotes/Vector/Style 3/emote_faceAngry.png" type="Texture" id=10]
[ext_resource path="res://png/emotes/Vector/Style 3/emote_sleeps.png" type="Texture" id=11]
[ext_resource path="res://png/emotes/Vector/Style 3/emote_question.png" type="Texture" id=12]
[ext_resource path="res://png/emotes/Vector/Style 3/emote_cross.png" type="Texture" id=13]
[ext_resource path="res://Fonts/Kenney Future Narrow.ttf" type="DynamicFontData" id=14]

[sub_resource type="CapsuleShape2D" id=1]
radius = 19.9122
height = 7.47127

[sub_resource type="DynamicFont" id=2]
outline_size = 2
outline_color = Color( 0, 0, 0, 1 )
font_data = ExtResource( 14 )

[sub_resource type="DynamicFont" id=3]
font_data = ExtResource( 14 )

[node name="Player" type="KinematicBody2D"]
script = ExtResource( 1 )

[node name="Sprite" type="Sprite" parent="."]
scale = Vector2( 0.5, 0.5 )
texture = ExtResource( 2 )

[node name="CollisionShape2D" type="CollisionShape2D" parent="."]
shape = SubResource( 1 )

[node name="Camera2D" type="Camera2D" parent="."]
limit_left = 0
limit_top = 0
limit_right = 3200
limit_bottom = 3200
drag_margin_h_enabled = false
editor_draw_drag_margin = true

[node name="CanvasLayer" type="CanvasLayer" parent="Camera2D"]

[node name="HSplitContainer" type="HSplitContainer" parent="Camera2D/CanvasLayer"]
editor/display_folded = true
visible = false
anchor_left = 0.5
anchor_top = 1.0
anchor_right = 0.5
anchor_bottom = 1.0
margin_left = -232.0
margin_top = -90.0
margin_right = 248.0

[node name="TextureRect" type="TextureRect" parent="Camera2D/CanvasLayer/HSplitContainer"]
margin_right = 32.0
margin_bottom = 90.0
texture = ExtResource( 3 )

[node name="TextureRect2" type="TextureRect" parent="Camera2D/CanvasLayer/HSplitContainer"]
margin_left = 44.0
margin_right = 480.0
margin_bottom = 90.0
texture = ExtResource( 4 )

[node name="TextureRect3" type="TextureRect" parent="Camera2D/CanvasLayer/HSplitContainer"]
margin_left = 88.0
texture = ExtResource( 5 )

[node name="TextureRect4" type="TextureRect" parent="Camera2D/CanvasLayer/HSplitContainer"]
margin_left = 132.0
texture = ExtResource( 6 )

[node name="TextureRect5" type="TextureRect" parent="Camera2D/CanvasLayer/HSplitContainer"]
margin_left = 176.0
texture = ExtResource( 7 )

[node name="TextureRect6" type="TextureRect" parent="Camera2D/CanvasLayer/HSplitContainer"]
margin_left = 220.0
texture = ExtResource( 8 )

[node name="TextureRect7" type="TextureRect" parent="Camera2D/CanvasLayer/HSplitContainer"]
margin_left = 264.0
texture = ExtResource( 9 )

[node name="TextureRect8" type="TextureRect" parent="Camera2D/CanvasLayer/HSplitContainer"]
margin_left = 308.0
texture = ExtResource( 10 )

[node name="TextureRect9" type="TextureRect" parent="Camera2D/CanvasLayer/HSplitContainer"]
margin_left = 396.0
texture = ExtResource( 11 )

[node name="TextureRect10" type="TextureRect" parent="Camera2D/CanvasLayer/HSplitContainer"]
margin_left = 352.0
texture = ExtResource( 12 )

[node name="TextureRect11" type="TextureRect" parent="Camera2D/CanvasLayer/HSplitContainer"]
margin_left = 440.0
texture = ExtResource( 13 )

[node name="HBoxContainer" type="HBoxContainer" parent="Camera2D/CanvasLayer"]
editor/display_folded = true
visible = false
anchor_left = 0.5
anchor_top = 1.0
anchor_right = 0.5
anchor_bottom = 1.0
margin_left = -220.0
margin_top = -80.0
margin_right = 240.0
custom_constants/separation = 34
alignment = 1

[node name="Label" type="Label" parent="Camera2D/CanvasLayer/HBoxContainer"]
margin_left = 4.0
margin_top = 31.0
margin_right = 9.0
margin_bottom = 49.0
custom_fonts/font = SubResource( 2 )
text = "`"
align = 1
valign = 1

[node name="Label2" type="Label" parent="Camera2D/CanvasLayer/HBoxContainer"]
margin_left = 43.0
margin_top = 31.0
margin_right = 50.0
margin_bottom = 49.0
custom_fonts/font = SubResource( 2 )
text = "1"
align = 1
valign = 1

[node name="Label3" type="Label" parent="Camera2D/CanvasLayer/HBoxContainer"]
margin_left = 84.0
margin_top = 31.0
margin_right = 95.0
margin_bottom = 49.0
custom_fonts/font = SubResource( 2 )
text = "2"
align = 1
valign = 1

[node name="Label4" type="Label" parent="Camera2D/CanvasLayer/HBoxContainer"]
margin_left = 129.0
margin_top = 31.0
margin_right = 140.0
margin_bottom = 49.0
custom_fonts/font = SubResource( 2 )
text = "3"
align = 1
valign = 1

[node name="Label5" type="Label" parent="Camera2D/CanvasLayer/HBoxContainer"]
margin_left = 174.0
margin_top = 31.0
margin_right = 185.0
margin_bottom = 49.0
custom_fonts/font = SubResource( 2 )
text = "4"
align = 1
valign = 1

[node name="Label6" type="Label" parent="Camera2D/CanvasLayer/HBoxContainer"]
margin_left = 219.0
margin_top = 31.0
margin_right = 230.0
margin_bottom = 49.0
custom_fonts/font = SubResource( 2 )
text = "5"
align = 1
valign = 1

[node name="Label7" type="Label" parent="Camera2D/CanvasLayer/HBoxContainer"]
margin_left = 264.0
margin_top = 31.0
margin_right = 275.0
margin_bottom = 49.0
custom_fonts/font = SubResource( 2 )
text = "6"
align = 1
valign = 1

[node name="Label8" type="Label" parent="Camera2D/CanvasLayer/HBoxContainer"]
margin_left = 309.0
margin_top = 31.0
margin_right = 320.0
margin_bottom = 49.0
custom_fonts/font = SubResource( 2 )
text = "7"
align = 1
valign = 1

[node name="Label9" type="Label" parent="Camera2D/CanvasLayer/HBoxContainer"]
margin_left = 354.0
margin_top = 31.0
margin_right = 365.0
margin_bottom = 49.0
custom_fonts/font = SubResource( 2 )
text = "8"
align = 1
valign = 1

[node name="Label10" type="Label" parent="Camera2D/CanvasLayer/HBoxContainer"]
margin_left = 399.0
margin_top = 31.0
margin_right = 410.0
margin_bottom = 49.0
custom_fonts/font = SubResource( 2 )
text = "9"
align = 1
valign = 1

[node name="Label11" type="Label" parent="Camera2D/CanvasLayer/HBoxContainer"]
margin_left = 444.0
margin_top = 31.0
margin_right = 455.0
margin_bottom = 49.0
custom_fonts/font = SubResource( 2 )
text = "0"
align = 1
valign = 1

[node name="Emote" type="Sprite" parent="."]
visible = false
texture = ExtResource( 4 )
offset = Vector2( 0, -32 )

[node name="Label" type="Label" parent="."]
margin_left = -99.0
margin_right = 99.0
margin_bottom = 18.0
rect_pivot_offset = Vector2( 98, 8 )
custom_fonts/font = SubResource( 3 )
text = "Player 1"
align = 1
